%% This BibTeX bibliography file was created using BibDesk.
%% http://bibdesk.sourceforge.net/

%% Created for Martha Bellows at 2016-10-12 18:27:33 -0400 


%% Saved with string encoding Unicode (UTF-8) 

@article{catlin2008,
	Author = {Catlin, Aaron and Cowan, Cathy and Hartman, Micah and Heffler, Stephen},
	Journal = {Health Affairs},
	Number = {1},
	Pages = {14--29},
	Publisher = {Project HOPE},
	Title = {National Health Spending in 2006: A Year of Change for Prescription Drugs},
	Volume = {27},
	Year = {2008}}

@inproceedings{hosseinzadeh2013,
	Author = {Hosseinzadeh, Arian and Izadi, Masoumeh and Verma, Aman and Precup, Doina and Buckeridge, David},
	Booktitle = {Proceedings of the Twenty-Fifth Innovative Applications of Artificail Intelligence Conference},
	Organization = {AAAI},
	Pages = {1532--1538},
	Title = {Assessing the Predictability of Hospital Readmission Using Machine Learning},
	Year = {2013}
}

@article{kansagara2011,
	Author = {Kansagara, Devan and others},
	Journal = {Journal of the American Medical Association},
	Number = {15},
	Pages = {1688â€“1698},
	Publisher = {American Medical Association},
	Title = {Risk Prediction Models for Hospital Readmission: A Systematic Review},
	Volume = {306},
	Year = {2011}}